@article{jaakkola1999variational,
  title={Variational probabilistic inference and the QMR-DT network},
  author={Jaakkola, Tommi S and Jordan, Michael I},
  journal={Journal of artificial intelligence research},
  volume={10},
  pages={291--322},
  year={1999}
}

@inproceedings{morris2001recognition,
  title={Recognition networks for approximate inference in BN20 networks},
  author={Morris, Quaid},
  booktitle={Proceedings of the Seventeenth conference on Uncertainty in artificial intelligence},
  pages={370--377},
  year={2001},
  organization={Morgan Kaufmann Publishers Inc.}
}

@article{jivariational,
  title={Variational Training for Large-Scale Noisy-OR Bayesian Networks},
  author={Ji, Geng and Cheng, Dehua and Ning, Huazhong and Yuan, Changhe and Zhou, Hanning and Xiong, Liang and Sudderth, Erik B},
  year={2019},
  booktitle={The 35th Uncertainty in Artificial Intelligence Conference}
}

@inproceedings{jebara2001reversing,
  title={On reversing Jensen's inequality},
  author={Jebara, Tony and Pentland, Alex},
  booktitle={Advances in Neural Information Processing Systems},
  pages={231--237},
  year={2001}
}

@phdthesis{halpern2016semi,
  title={Semi-Supervised Learning for Electronic Phenotyping in Support of Precision Medicine},
  author={Halpern, Yonatan},
  year={2016},
  school={New York University}
}

@inproceedings{ranganath2015deep,
  title={Deep exponential families},
  author={Ranganath, Rajesh and Tang, Linpeng and Charlin, Laurent and Blei, David},
  booktitle={Artificial Intelligence and Statistics},
  pages={762--771},
  year={2015}
}

@inproceedings{newman2009external,
  title={External evaluation of topic models},
  author={Newman, David and Karimi, Sarvnaz and Cavedon, Lawrence},
  booktitle={in Australasian Doc. Comp. Symp., 2009},
  year={2009},
  organization={Citeseer}
}

@article{kingma2013auto,
  title={Auto-encoding variational bayes},
  author={Kingma, Diederik P and Welling, Max},
  journal={arXiv preprint arXiv:1312.6114},
  year={2013}
}

@book{bishop2006pattern,
  title={Pattern recognition and machine learning},
  author={Bishop, Christopher M},
  year={2006},
  publisher={springer}
}

@article{jordan1999introduction,
  title={An introduction to variational methods for graphical models},
  author={Jordan, Michael I and Ghahramani, Zoubin and Jaakkola, Tommi S and Saul, Lawrence K},
  journal={Machine learning},
  volume={37},
  number={2},
  pages={183--233},
  year={1999},
  publisher={Springer}
}

@article{jaakkola2000bayesian,
  title={Bayesian parameter estimation via variational methods},
  author={Jaakkola, Tommi S and Jordan, Michael I},
  journal={Statistics and Computing},
  volume={10},
  number={1},
  pages={25--37},
  year={2000},
  publisher={Springer}
}

@article{jang2016categorical,
  title={Categorical reparameterization with gumbel-softmax},
  author={Jang, Eric and Gu, Shixiang and Poole, Ben},
  journal={arXiv preprint arXiv:1611.01144},
  year={2016}
}

@article{bengio2013estimating,
  title={Estimating or propagating gradients through stochastic neurons for conditional computation},
  author={Bengio, Yoshua and L{\'e}onard, Nicholas and Courville, Aaron},
  journal={arXiv preprint arXiv:1308.3432},
  year={2013}
}

@article{paisley2012variational,
  title={Variational Bayesian inference with stochastic search},
  author={Paisley, John and Blei, David and Jordan, Michael},
  journal={arXiv preprint arXiv:1206.6430},
  year={2012}
}

@article{halpern2013unsupervised,
  title={Unsupervised learning of noisy-or bayesian networks},
  author={Halpern, Yonatan and Sontag, David},
  journal={arXiv preprint arXiv:1309.6834},
  year={2013}
}

@inproceedings{jernite2013discovering,
  title={Discovering hidden variables in noisy-or networks using quartet tests},
  author={Jernite, Yacine and Halpern, Yonatan and Sontag, David},
  booktitle={Advances in Neural Information Processing Systems},
  pages={2355--2363},
  year={2013}
}

@article{vsingliar2006noisy,
  title={Noisy-or component analysis and its application to link analysis},
  author={{\v{S}}ingliar, Tom{\'a}{\v{s}} and Hauskrecht, Milo{\v{s}}},
  journal={Journal of Machine Learning Research},
  volume={7},
  number={Oct},
  pages={2189--2213},
  year={2006}
}

@article{kingma2014adam,
  title={Adam: A method for stochastic optimization},
  author={Kingma, Diederik P and Ba, Jimmy},
  journal={arXiv preprint arXiv:1412.6980},
  year={2014}
}

@article{burda2015importance,
  title={Importance weighted autoencoders},
  author={Burda, Yuri and Grosse, Roger and Salakhutdinov, Ruslan},
  journal={arXiv preprint arXiv:1509.00519},
  year={2015}
}

@inproceedings{pu2016variational,
  title={Variational autoencoder for deep learning of images, labels and captions},
  author={Pu, Yunchen and Gan, Zhe and Henao, Ricardo and Yuan, Xin and Li, Chunyuan and Stevens, Andrew and Carin, Lawrence},
  booktitle={Advances in neural information processing systems},
  pages={2352--2360},
  year={2016}
}

@article{bowman2015generating,
  title={Generating sentences from a continuous space},
  author={Bowman, Samuel R and Vilnis, Luke and Vinyals, Oriol and Dai, Andrew M and Jozefowicz, Rafal and Bengio, Samy},
  journal={arXiv preprint arXiv:1511.06349},
  year={2015}
}

@article{blei2017variational,
  title={Variational inference: A review for statisticians},
  author={Blei, David M and Kucukelbir, Alp and McAuliffe, Jon D},
  journal={Journal of the American Statistical Association},
  volume={112},
  number={518},
  pages={859--877},
  year={2017},
  publisher={Taylor \& Francis}
}

@book{koller2009probabilistic,
  title={Probabilistic graphical models: principles and techniques},
  author={Koller, Daphne and Friedman, Nir and Bach, Francis},
  year={2009},
  publisher={MIT press}
}

@article{saul1996mean,
  title={Mean field theory for sigmoid belief networks},
  author={Saul, Lawrence K and Jaakkola, Tommi and Jordan, Michael I},
  journal={Journal of artificial intelligence research},
  volume={4},
  pages={61--76},
  year={1996}
}

@article{blei2003latent,
  title={Latent dirichlet allocation},
  author={Blei, David M and Ng, Andrew Y and Jordan, Michael I},
  journal={Journal of machine Learning research},
  volume={3},
  number={Jan},
  pages={993--1022},
  year={2003}
}

@inproceedings{saul1996exploiting,
  title={Exploiting tractable substructures in intractable networks},
  author={Saul, Lawrence K and Jordan, Michael I},
  booktitle={Advances in neural information processing systems},
  pages={486--492},
  year={1996}
}

@article{mnih2014neural,
  title={Neural variational inference and learning in belief networks},
  author={Mnih, Andriy and Gregor, Karol},
  journal={arXiv preprint arXiv:1402.0030},
  year={2014}
}

@article{nipsdata,
title={NeuralIPS Titles 1987--2016},
journal={\url{https://www.kaggle.com/benhamner/nips-papers}},
year=2019,
}